@inproceedings{Liu,
  author    = {Feng Liu and
               Yu Hen Hu and
               Michael Gleicher},
  title     = {Discovering panoramas in web videos},
  booktitle = {Proceedings of the 16th International Conference on Multimedia 2008,
               Vancouver, British Columbia, Canada, October 26-31, 2008},
  pages     = {329--338},
  year      = {2008},
  url       = {http://doi.acm.org/10.1145/1459359.1459404},
  doi       = {10.1145/1459359.1459404},
}

@inproceedings{Tong,
  author    = {Hanghang Tong and
               Mingjing Li and
               HongJiang Zhang and
               Changshui Zhang},
  title     = {Blur detection for digital images using wavelet transform},
  booktitle = {Proceedings of the 2004 {IEEE} International Conference on Multimedia
               and Expo, {ICME} 2004, 27-30 June 2004, Taipei, Taiwan},
  pages     = {17--20},
  year      = {2004},
}

@inproceedings{Wang,
  author    = {Hamid R. Sheikh and
               Zhou Wang and
               Alan C. Bovik},
  title     = {No-reference perceptual quality assessment of {JPEG} compressed images},
  booktitle = {{ICIP} {(1)}},
  pages     = {477--480},
  year      = {2002},
  url       = {http://dx.doi.org/10.1109/ICIP.2002.1038064},
  doi       = {10.1109/ICIP.2002.1038064},
  timestamp = {Wed, 27 Feb 2013 16:21:30 +0100},
  biburl    = {http://dblp.uni-trier.de/rec/bib/conf/icip/SheikhWB02},
  bibsource = {dblp computer science bibliography, http://dblp.org}
}

@misc{wikipedia, 
title={Panorama}, 
url={https://en.wikipedia.org/wiki/Panorama}, 
journal={Wikipedia}, publisher={Wikimedia Foundation}}